%YAML 1.1
%TAG !u! tag:unity3d.com,2011:
--- !u!1 &385970588187094538
GameObject:
  m_ObjectHideFlags: 0
  m_CorrespondingSourceObject: {fileID: 0}
  m_PrefabInstance: {fileID: 0}
  m_PrefabAsset: {fileID: 0}
  serializedVersion: 6
  m_Component:
  - component: {fileID: 7245530599921151771}
  m_Layer: 0
  m_Name: pasted__R_thumb02
  m_TagString: Untagged
  m_Icon: {fileID: 0}
  m_NavMeshLayer: 0
  m_StaticEditorFlags: 0
  m_IsActive: 1
--- !u!4 &7245530599921151771
Transform:
  m_ObjectHideFlags: 0
  m_CorrespondingSourceObject: {fileID: 0}
  m_PrefabInstance: {fileID: 0}
  m_PrefabAsset: {fileID: 0}
  m_GameObject: {fileID: 385970588187094538}
  m_LocalRotation: {x: 0, y: -0.17765039, z: -0, w: 0.98409367}
  m_LocalPosition: {x: 0.005110839, y: -1.7763567e-16, z: 0.019259995}
  m_LocalScale: {x: 1, y: 1, z: 1}
  m_Children:
  - {fileID: 7780023938865957870}
  m_Father: {fileID: 7805054174299908015}
  m_RootOrder: 0
  m_LocalEulerAnglesHint: {x: 0, y: 0, z: 0}
--- !u!1 &1106968992915840741
GameObject:
  m_ObjectHideFlags: 0
  m_CorrespondingSourceObject: {fileID: 0}
  m_PrefabInstance: {fileID: 0}
  m_PrefabAsset: {fileID: 0}
  serializedVersion: 6
  m_Component:
  - component: {fileID: 2435630458291966977}
  m_Layer: 0
  m_Name: pasted__joint2
  m_TagString: Untagged
  m_Icon: {fileID: 0}
  m_NavMeshLayer: 0
  m_StaticEditorFlags: 0
  m_IsActive: 1
--- !u!4 &2435630458291966977
Transform:
  m_ObjectHideFlags: 0
  m_CorrespondingSourceObject: {fileID: 0}
  m_PrefabInstance: {fileID: 0}
  m_PrefabAsset: {fileID: 0}
  m_GameObject: {fileID: 1106968992915840741}
  m_LocalRotation: {x: 0.45286918, y: -0.5430558, z: 0.45286918, w: 0.5430558}
  m_LocalPosition: {x: -0.29315576, y: 0.042914208, z: -1.19110865e-17}
  m_LocalScale: {x: 1, y: 1, z: 1}
  m_Children: []
  m_Father: {fileID: 5443947633561369950}
  m_RootOrder: 0
  m_LocalEulerAnglesHint: {x: 0, y: 0, z: 0}
--- !u!1 &1180665696187294219
GameObject:
  m_ObjectHideFlags: 0
  m_CorrespondingSourceObject: {fileID: 0}
  m_PrefabInstance: {fileID: 0}
  m_PrefabAsset: {fileID: 0}
  serializedVersion: 6
  m_Component:
  - component: {fileID: 3084178024593393164}
  m_Layer: 0
  m_Name: pasted__L_finger03
  m_TagString: Untagged
  m_Icon: {fileID: 0}
  m_NavMeshLayer: 0
  m_StaticEditorFlags: 0
  m_IsActive: 1
--- !u!4 &3084178024593393164
Transform:
  m_ObjectHideFlags: 0
  m_CorrespondingSourceObject: {fileID: 0}
  m_PrefabInstance: {fileID: 0}
  m_PrefabAsset: {fileID: 0}
  m_GameObject: {fileID: 1180665696187294219}
  m_LocalRotation: {x: 0, y: -0, z: -0, w: 1}
  m_LocalPosition: {x: -0.025957864, y: 0, z: -1.5530152e-18}
  m_LocalScale: {x: 1, y: 1, z: 1}
  m_Children: []
  m_Father: {fileID: 3609748578876577473}
  m_RootOrder: 0
  m_LocalEulerAnglesHint: {x: 0, y: 0, z: 0}
--- !u!1 &1214013139082460019
GameObject:
  m_ObjectHideFlags: 0
  m_CorrespondingSourceObject: {fileID: 0}
  m_PrefabInstance: {fileID: 0}
  m_PrefabAsset: {fileID: 0}
  serializedVersion: 6
  m_Component:
  - component: {fileID: 7854149511160908521}
  m_Layer: 0
  m_Name: group
  m_TagString: Untagged
  m_Icon: {fileID: 0}
  m_NavMeshLayer: 0
  m_StaticEditorFlags: 0
  m_IsActive: 1
--- !u!4 &7854149511160908521
Transform:
  m_ObjectHideFlags: 0
  m_CorrespondingSourceObject: {fileID: 0}
  m_PrefabInstance: {fileID: 0}
  m_PrefabAsset: {fileID: 0}
  m_GameObject: {fileID: 1214013139082460019}
  m_LocalRotation: {x: 0, y: -0, z: -0, w: 1}
  m_LocalPosition: {x: 0.0016239256, y: 0.57631135, z: 0.081581794}
  m_LocalScale: {x: 1, y: 1, z: 1}
  m_Children:
  - {fileID: 1799122421860038308}
  m_Father: {fileID: 2051863934392906362}
  m_RootOrder: 0
  m_LocalEulerAnglesHint: {x: 0, y: 0, z: 0}
--- !u!1 &1443662392273710843
GameObject:
  m_ObjectHideFlags: 0
  m_CorrespondingSourceObject: {fileID: 0}
  m_PrefabInstance: {fileID: 0}
  m_PrefabAsset: {fileID: 0}
  serializedVersion: 6
  m_Component:
  - component: {fileID: 1592023991365281421}
  m_Layer: 0
  m_Name: pasted__L_hip
  m_TagString: Untagged
  m_Icon: {fileID: 0}
  m_NavMeshLayer: 0
  m_StaticEditorFlags: 0
  m_IsActive: 1
--- !u!4 &1592023991365281421
Transform:
  m_ObjectHideFlags: 0
  m_CorrespondingSourceObject: {fileID: 0}
  m_PrefabInstance: {fileID: 0}
  m_PrefabAsset: {fileID: 0}
  m_GameObject: {fileID: 1443662392273710843}
  m_LocalRotation: {x: -0.03365059, y: 0.9994337, z: 6.119767e-17, w: -2.0605042e-18}
  m_LocalPosition: {x: -0.025262121, y: -0.07192676, z: -0.0039437017}
  m_LocalScale: {x: 1, y: 1, z: 1}
  m_Children:
  - {fileID: 3604946603665111936}
  m_Father: {fileID: 1799122421860038308}
  m_RootOrder: 0
  m_LocalEulerAnglesHint: {x: 0, y: 0, z: 0}
--- !u!1 &1582584103926756586
GameObject:
  m_ObjectHideFlags: 0
  m_CorrespondingSourceObject: {fileID: 0}
  m_PrefabInstance: {fileID: 0}
  m_PrefabAsset: {fileID: 0}
  serializedVersion: 6
  m_Component:
  - component: {fileID: 4987346419843959077}
  m_Layer: 0
  m_Name: pasted__L_thumb02
  m_TagString: Untagged
  m_Icon: {fileID: 0}
  m_NavMeshLayer: 0
  m_StaticEditorFlags: 0
  m_IsActive: 1
--- !u!4 &4987346419843959077
Transform:
  m_ObjectHideFlags: 0
  m_CorrespondingSourceObject: {fileID: 0}
  m_PrefabInstance: {fileID: 0}
  m_PrefabAsset: {fileID: 0}
  m_GameObject: {fileID: 1582584103926756586}
  m_LocalRotation: {x: 0, y: -0.17765039, z: -0, w: 0.98409367}
  m_LocalPosition: {x: -0.019927246, y: 0, z: -5.5511148e-18}
  m_LocalScale: {x: 1, y: 1, z: 1}
  m_Children:
  - {fileID: 6685659518832482531}
  m_Father: {fileID: 748359505228289451}
  m_RootOrder: 0
  m_LocalEulerAnglesHint: {x: 0, y: 0, z: 0}
--- !u!1 &1628738301912544453
GameObject:
  m_ObjectHideFlags: 0
  m_CorrespondingSourceObject: {fileID: 0}
  m_PrefabInstance: {fileID: 0}
  m_PrefabAsset: {fileID: 0}
  serializedVersion: 6
  m_Component:
  - component: {fileID: 7725678306659450613}
  m_Layer: 0
  m_Name: pasted__L_toe
  m_TagString: Untagged
  m_Icon: {fileID: 0}
  m_NavMeshLayer: 0
  m_StaticEditorFlags: 0
  m_IsActive: 1
--- !u!4 &7725678306659450613
Transform:
  m_ObjectHideFlags: 0
  m_CorrespondingSourceObject: {fileID: 0}
  m_PrefabInstance: {fileID: 0}
  m_PrefabAsset: {fileID: 0}
  m_GameObject: {fileID: 1628738301912544453}
  m_LocalRotation: {x: -0.03771885, y: -0.7061001, z: -0.03771885, w: 0.7061001}
  m_LocalPosition: {x: -0.048552983, y: -4.3103765e-18, z: -0.0017907544}
  m_LocalScale: {x: 1, y: 1, z: 1}
  m_Children: []
  m_Father: {fileID: 4314840561580156025}
  m_RootOrder: 0
  m_LocalEulerAnglesHint: {x: 0, y: 0, z: 0}
--- !u!1 &1671538926166010048
GameObject:
  m_ObjectHideFlags: 0
  m_CorrespondingSourceObject: {fileID: 0}
  m_PrefabInstance: {fileID: 0}
  m_PrefabAsset: {fileID: 0}
  serializedVersion: 6
  m_Component:
  - component: {fileID: 2051863934392906362}
  - component: {fileID: 2013977775694993220}
  - component: {fileID: 2013977775694993227}
  - component: {fileID: 2013977775694993230}
  - component: {fileID: 2013977775694993231}
  - component: {fileID: 2013977775694993224}
  - component: {fileID: 2013977775694993225}
  - component: {fileID: 2013977775694993226}
  - component: {fileID: 2013977775694993221}
  - component: {fileID: 4033902479081478843}
  m_Layer: 0
  m_Name: CoronaAI
  m_TagString: Corona
  m_Icon: {fileID: 0}
  m_NavMeshLayer: 0
  m_StaticEditorFlags: 0
  m_IsActive: 1
--- !u!4 &2051863934392906362
Transform:
  m_ObjectHideFlags: 0
  m_CorrespondingSourceObject: {fileID: 0}
  m_PrefabInstance: {fileID: 0}
  m_PrefabAsset: {fileID: 0}
  m_GameObject: {fileID: 1671538926166010048}
  m_LocalRotation: {x: -0, y: -0.69715625, z: -0, w: 0.7169193}
  m_LocalPosition: {x: -15, y: 1.95, z: 0}
  m_LocalScale: {x: 1, y: 1, z: 1}
  m_Children:
  - {fileID: 7854149511160908521}
  - {fileID: 3445409775254823835}
  m_Father: {fileID: 0}
  m_RootOrder: 0
  m_LocalEulerAnglesHint: {x: 0, y: -88.399, z: 0}
--- !u!54 &2013977775694993220
Rigidbody:
  m_ObjectHideFlags: 0
  m_CorrespondingSourceObject: {fileID: 0}
  m_PrefabInstance: {fileID: 0}
  m_PrefabAsset: {fileID: 0}
  m_GameObject: {fileID: 1671538926166010048}
  serializedVersion: 2
  m_Mass: 60
  m_Drag: 0
  m_AngularDrag: 0.05
  m_UseGravity: 1
  m_IsKinematic: 0
  m_Interpolate: 0
  m_Constraints: 0
  m_CollisionDetection: 2
--- !u!136 &2013977775694993227
CapsuleCollider:
  m_ObjectHideFlags: 0
  m_CorrespondingSourceObject: {fileID: 0}
  m_PrefabInstance: {fileID: 0}
  m_PrefabAsset: {fileID: 0}
  m_GameObject: {fileID: 1671538926166010048}
  m_Material: {fileID: 0}
  m_IsTrigger: 0
  m_Enabled: 1
  m_Radius: 0.45871612
  m_Height: 1.5266523
  m_Direction: 1
  m_Center: {x: 6.9113083e-12, y: 0.7506757, z: -0.017693192}
--- !u!95 &2013977775694993230
Animator:
  serializedVersion: 3
  m_ObjectHideFlags: 0
  m_CorrespondingSourceObject: {fileID: 0}
  m_PrefabInstance: {fileID: 0}
  m_PrefabAsset: {fileID: 0}
  m_GameObject: {fileID: 1671538926166010048}
  m_Enabled: 1
  m_Avatar: {fileID: 9000000, guid: 98ec2eb8b9cbf8540860e0d18eda237b, type: 3}
  m_Controller: {fileID: 9100000, guid: e2cf68ff4b1ffda45a77f7307dd789b9, type: 2}
  m_CullingMode: 1
  m_UpdateMode: 0
  m_ApplyRootMotion: 1
  m_LinearVelocityBlending: 0
  m_WarningMessage: 
  m_HasTransformHierarchy: 1
  m_AllowConstantClipSamplingOptimization: 1
  m_KeepAnimatorControllerStateOnDisable: 0
--- !u!114 &2013977775694993231
MonoBehaviour:
  m_ObjectHideFlags: 0
  m_CorrespondingSourceObject: {fileID: 0}
  m_PrefabInstance: {fileID: 0}
  m_PrefabAsset: {fileID: 0}
  m_GameObject: {fileID: 1671538926166010048}
  m_Enabled: 1
  m_EditorHideFlags: 0
  m_Script: {fileID: 11500000, guid: 6bb2bcf22fe23f54f8f30995367d001f, type: 3}
  m_Name: 
  m_EditorClassIdentifier: 
  coronazone: 0
  matBlue: {fileID: 2100000, guid: 0b22ecf80bb521f40ba1cee8193f42cd, type: 2}
  matRed: {fileID: 2100000, guid: 00adc1bfbfc9e0e4ba98a4f5e43cdafa, type: 2}
  matDefault: {fileID: 2100000, guid: 99efd86b02b816847a930a39b108dfdc, type: 2}
  DeathSmoke: {fileID: 4042577832571377512, guid: 886b340a5756cde40b312f3e3d333936,
    type: 3}
  health: 30
--- !u!114 &2013977775694993224
MonoBehaviour:
  m_ObjectHideFlags: 0
  m_CorrespondingSourceObject: {fileID: 0}
  m_PrefabInstance: {fileID: 0}
  m_PrefabAsset: {fileID: 0}
  m_GameObject: {fileID: 1671538926166010048}
  m_Enabled: 1
  m_EditorHideFlags: 0
  m_Script: {fileID: 11500000, guid: dc63cfcd27c33f548ad2d66e3e694e5f, type: 3}
  m_Name: 
  m_EditorClassIdentifier: 
  wayPoints:
  - {fileID: 0}
  - {fileID: 0}
  - {fileID: 0}
  player: {fileID: 0}
--- !u!114 &2013977775694993225
MonoBehaviour:
  m_ObjectHideFlags: 0
  m_CorrespondingSourceObject: {fileID: 0}
  m_PrefabInstance: {fileID: 0}
  m_PrefabAsset: {fileID: 0}
  m_GameObject: {fileID: 1671538926166010048}
  m_Enabled: 1
  m_EditorHideFlags: 0
  m_Script: {fileID: 11500000, guid: 51afd5c71cc80b447954f81a4b210800, type: 3}
  m_Name: 
  m_EditorClassIdentifier: 
  target: {fileID: 0}
--- !u!114 &2013977775694993226
MonoBehaviour:
  m_ObjectHideFlags: 0
  m_CorrespondingSourceObject: {fileID: 0}
  m_PrefabInstance: {fileID: 0}
  m_PrefabAsset: {fileID: 0}
  m_GameObject: {fileID: 1671538926166010048}
  m_Enabled: 1
  m_EditorHideFlags: 0
  m_Script: {fileID: 11500000, guid: 5f0a81fe596babb4db2470fe854d2db0, type: 3}
  m_Name: 
  m_EditorClassIdentifier: 
  m_MovingTurnSpeed: 360
  m_StationaryTurnSpeed: 180
  m_JumpPower: 12
  m_GravityMultiplier: 2
  m_RunCycleLegOffset: 0.2
  m_MoveSpeedMultiplier: 1
  m_AnimSpeedMultiplier: 1
  m_GroundCheckDistance: 0.2
  isEnabledCrouching: 0
--- !u!195 &2013977775694993221
NavMeshAgent:
  m_ObjectHideFlags: 0
  m_CorrespondingSourceObject: {fileID: 0}
  m_PrefabInstance: {fileID: 0}
  m_PrefabAsset: {fileID: 0}
  m_GameObject: {fileID: 1671538926166010048}
  m_Enabled: 1
  m_AgentTypeID: 0
  m_Radius: 0.5
  m_Speed: 0.5
  m_Acceleration: 8
  avoidancePriority: 50
  m_AngularSpeed: 120
  m_StoppingDistance: 1
  m_AutoTraverseOffMeshLink: 1
  m_AutoBraking: 1
  m_AutoRepath: 1
  m_Height: 1.7
  m_BaseOffset: 0
  m_WalkableMask: 4294967295
  m_ObstacleAvoidanceType: 4
--- !u!82 &4033902479081478843
AudioSource:
  m_ObjectHideFlags: 0
  m_CorrespondingSourceObject: {fileID: 0}
  m_PrefabInstance: {fileID: 0}
  m_PrefabAsset: {fileID: 0}
  m_GameObject: {fileID: 1671538926166010048}
  m_Enabled: 1
  serializedVersion: 4
  OutputAudioMixerGroup: {fileID: 0}
  m_audioClip: {fileID: 8300000, guid: 42e65e088b3f4374e851b8dbd38f3df9, type: 3}
  m_PlayOnAwake: 0
  m_Volume: 1
  m_Pitch: 1
  Loop: 0
  Mute: 0
  Spatialize: 0
  SpatializePostEffects: 0
  Priority: 128
  DopplerLevel: 1
  MinDistance: 1
  MaxDistance: 500
  Pan2D: 0
  rolloffMode: 0
  BypassEffects: 0
  BypassListenerEffects: 0
  BypassReverbZones: 0
  rolloffCustomCurve:
    serializedVersion: 2
    m_Curve:
    - serializedVersion: 3
      time: 0
      value: 1
      inSlope: 0
      outSlope: 0
      tangentMode: 0
      weightedMode: 0
      inWeight: 0.33333334
      outWeight: 0.33333334
    - serializedVersion: 3
      time: 1
      value: 0
      inSlope: 0
      outSlope: 0
      tangentMode: 0
      weightedMode: 0
      inWeight: 0.33333334
      outWeight: 0.33333334
    m_PreInfinity: 2
    m_PostInfinity: 2
    m_RotationOrder: 4
  panLevelCustomCurve:
    serializedVersion: 2
    m_Curve:
    - serializedVersion: 3
      time: 0
      value: 1
      inSlope: 0
      outSlope: 0
      tangentMode: 0
      weightedMode: 0
      inWeight: 0.33333334
      outWeight: 0.33333334
    m_PreInfinity: 2
    m_PostInfinity: 2
    m_RotationOrder: 4
  spreadCustomCurve:
    serializedVersion: 2
    m_Curve:
    - serializedVersion: 3
      time: 0
      value: 0
      inSlope: 0
      outSlope: 0
      tangentMode: 0
      weightedMode: 0
      inWeight: 0.33333334
      outWeight: 0.33333334
    m_PreInfinity: 2
    m_PostInfinity: 2
    m_RotationOrder: 4
  reverbZoneMixCustomCurve:
    serializedVersion: 2
    m_Curve:
    - serializedVersion: 3
      time: 0
      value: 1
      inSlope: 0
      outSlope: 0
      tangentMode: 0
      weightedMode: 0
      inWeight: 0.33333334
      outWeight: 0.33333334
    m_PreInfinity: 2
    m_PostInfinity: 2
    m_RotationOrder: 4
--- !u!1 &2392963804721259858
GameObject:
  m_ObjectHideFlags: 0
  m_CorrespondingSourceObject: {fileID: 0}
  m_PrefabInstance: {fileID: 0}
  m_PrefabAsset: {fileID: 0}
  serializedVersion: 6
  m_Component:
  - component: {fileID: 7780023938865957870}
  m_Layer: 0
  m_Name: pasted__R_thumb03
  m_TagString: Untagged
  m_Icon: {fileID: 0}
  m_NavMeshLayer: 0
  m_StaticEditorFlags: 0
  m_IsActive: 1
--- !u!4 &7780023938865957870
Transform:
  m_ObjectHideFlags: 0
  m_CorrespondingSourceObject: {fileID: 0}
  m_PrefabInstance: {fileID: 0}
  m_PrefabAsset: {fileID: 0}
  m_GameObject: {fileID: 2392963804721259858}
  m_LocalRotation: {x: 0, y: -0.14869599, z: -0, w: 0.98888296}
  m_LocalPosition: {x: 0.013668228, y: 2.664535e-16, z: 0.009290465}
  m_LocalScale: {x: 1, y: 1, z: 1}
  m_Children: []
  m_Father: {fileID: 7245530599921151771}
  m_RootOrder: 0
  m_LocalEulerAnglesHint: {x: 0, y: 0, z: 0}
--- !u!1 &2481879067160744853
GameObject:
  m_ObjectHideFlags: 0
  m_CorrespondingSourceObject: {fileID: 0}
  m_PrefabInstance: {fileID: 0}
  m_PrefabAsset: {fileID: 0}
  serializedVersion: 6
  m_Component:
  - component: {fileID: 3604946603665111936}
  m_Layer: 0
  m_Name: pasted__L_knee
  m_TagString: Untagged
  m_Icon: {fileID: 0}
  m_NavMeshLayer: 0
  m_StaticEditorFlags: 0
  m_IsActive: 1
--- !u!4 &3604946603665111936
Transform:
  m_ObjectHideFlags: 0
  m_CorrespondingSourceObject: {fileID: 0}
  m_PrefabInstance: {fileID: 0}
  m_PrefabAsset: {fileID: 0}
  m_GameObject: {fileID: 2481879067160744853}
  m_LocalRotation: {x: 0, y: 0, z: 0.028891155, w: 0.9995826}
  m_LocalPosition: {x: -0.17470689, y: 6.776449e-17, z: -0.020690003}
  m_LocalScale: {x: 1, y: 1, z: 1}
  m_Children:
  - {fileID: 4440441957754296664}
  m_Father: {fileID: 1592023991365281421}
  m_RootOrder: 0
  m_LocalEulerAnglesHint: {x: 0, y: 0, z: 0}
--- !u!1 &2493667480775488876
GameObject:
  m_ObjectHideFlags: 0
  m_CorrespondingSourceObject: {fileID: 0}
  m_PrefabInstance: {fileID: 0}
  m_PrefabAsset: {fileID: 0}
  serializedVersion: 6
  m_Component:
  - component: {fileID: 7805054174299908015}
  m_Layer: 0
  m_Name: pasted__R_thumb01
  m_TagString: Untagged
  m_Icon: {fileID: 0}
  m_NavMeshLayer: 0
  m_StaticEditorFlags: 0
  m_IsActive: 1
--- !u!4 &7805054174299908015
Transform:
  m_ObjectHideFlags: 0
  m_CorrespondingSourceObject: {fileID: 0}
  m_PrefabInstance: {fileID: 0}
  m_PrefabAsset: {fileID: 0}
  m_GameObject: {fileID: 2493667480775488876}
  m_LocalRotation: {x: 0, y: 0.32200626, z: -0, w: 0.9467376}
  m_LocalPosition: {x: 0.031816, y: 0.0015319999, z: 0.025582599}
  m_LocalScale: {x: 1, y: 1, z: 1}
  m_Children:
  - {fileID: 7245530599921151771}
  m_Father: {fileID: 5667634796506600771}
  m_RootOrder: 1
  m_LocalEulerAnglesHint: {x: 0, y: 0, z: 0}
--- !u!1 &2753058251148825039
GameObject:
  m_ObjectHideFlags: 0
  m_CorrespondingSourceObject: {fileID: 0}
  m_PrefabInstance: {fileID: 0}
  m_PrefabAsset: {fileID: 0}
  serializedVersion: 6
  m_Component:
  - component: {fileID: 2141290158116271606}
  m_Layer: 0
  m_Name: pasted__R_toe
  m_TagString: Untagged
  m_Icon: {fileID: 0}
  m_NavMeshLayer: 0
  m_StaticEditorFlags: 0
  m_IsActive: 1
--- !u!4 &2141290158116271606
Transform:
  m_ObjectHideFlags: 0
  m_CorrespondingSourceObject: {fileID: 0}
  m_PrefabInstance: {fileID: 0}
  m_PrefabAsset: {fileID: 0}
  m_GameObject: {fileID: 2753058251148825039}
  m_LocalRotation: {x: -0.03771885, y: -0.7061001, z: -0.03771885, w: 0.7061001}
  m_LocalPosition: {x: -0.048552904, y: -0.000000007102208, z: 0.0017907998}
  m_LocalScale: {x: 1, y: 1, z: 1}
  m_Children: []
  m_Father: {fileID: 468176161803049481}
  m_RootOrder: 0
  m_LocalEulerAnglesHint: {x: 0, y: 0, z: 0}
--- !u!1 &3127770385937553654
GameObject:
  m_ObjectHideFlags: 0
  m_CorrespondingSourceObject: {fileID: 0}
  m_PrefabInstance: {fileID: 0}
  m_PrefabAsset: {fileID: 0}
  serializedVersion: 6
  m_Component:
  - component: {fileID: 4440441957754296664}
  m_Layer: 0
  m_Name: pasted__L_ankle
  m_TagString: Untagged
  m_Icon: {fileID: 0}
  m_NavMeshLayer: 0
  m_StaticEditorFlags: 0
  m_IsActive: 1
--- !u!4 &4440441957754296664
Transform:
  m_ObjectHideFlags: 0
  m_CorrespondingSourceObject: {fileID: 0}
  m_PrefabInstance: {fileID: 0}
  m_PrefabAsset: {fileID: 0}
  m_GameObject: {fileID: 3127770385937553654}
  m_LocalRotation: {x: 0.7037317, y: 0.71046585, z: 8.6594627e-17, w: -4.12346e-19}
  m_LocalPosition: {x: -0.20431736, y: 0.0066207233, z: 0.01724167}
  m_LocalScale: {x: 1, y: 1, z: 1}
  m_Children:
  - {fileID: 4314840561580156025}
  m_Father: {fileID: 3604946603665111936}
  m_RootOrder: 0
  m_LocalEulerAnglesHint: {x: 0, y: 0, z: 0}
--- !u!1 &3285711318713967281
GameObject:
  m_ObjectHideFlags: 0
  m_CorrespondingSourceObject: {fileID: 0}
  m_PrefabInstance: {fileID: 0}
  m_PrefabAsset: {fileID: 0}
  serializedVersion: 6
  m_Component:
  - component: {fileID: 5443947633561369950}
  m_Layer: 0
  m_Name: pasted__joint1
  m_TagString: Untagged
  m_Icon: {fileID: 0}
  m_NavMeshLayer: 0
  m_StaticEditorFlags: 0
  m_IsActive: 1
--- !u!4 &5443947633561369950
Transform:
  m_ObjectHideFlags: 0
  m_CorrespondingSourceObject: {fileID: 0}
  m_PrefabInstance: {fileID: 0}
  m_PrefabAsset: {fileID: 0}
  m_GameObject: {fileID: 3285711318713967281}
  m_LocalRotation: {x: -0.45286918, y: 0.5430558, z: -0.45286918, w: 0.5430558}
  m_LocalPosition: {x: 0.0007389152, y: 0.061683424, z: -0.017871007}
  m_LocalScale: {x: 1, y: 1, z: 1}
  m_Children:
  - {fileID: 2435630458291966977}
  - {fileID: 4511572748233985376}
  m_Father: {fileID: 4292180294019288684}
  m_RootOrder: 0
  m_LocalEulerAnglesHint: {x: 0, y: 0, z: 0}
--- !u!1 &3744924681197487470
GameObject:
  m_ObjectHideFlags: 0
  m_CorrespondingSourceObject: {fileID: 0}
  m_PrefabInstance: {fileID: 0}
  m_PrefabAsset: {fileID: 0}
  serializedVersion: 6
  m_Component:
  - component: {fileID: 6844312617879516478}
  m_Layer: 0
  m_Name: pasted__L_forearm
  m_TagString: Untagged
  m_Icon: {fileID: 0}
  m_NavMeshLayer: 0
  m_StaticEditorFlags: 0
  m_IsActive: 1
--- !u!4 &6844312617879516478
Transform:
  m_ObjectHideFlags: 0
  m_CorrespondingSourceObject: {fileID: 0}
  m_PrefabInstance: {fileID: 0}
  m_PrefabAsset: {fileID: 0}
  m_GameObject: {fileID: 3744924681197487470}
  m_LocalRotation: {x: 0, y: -0, z: -0, w: 1}
  m_LocalPosition: {x: -0.059524495, y: 0.00094566477, z: 0.004418753}
  m_LocalScale: {x: 1, y: 1, z: 1}
  m_Children:
  - {fileID: 6509409881729654213}
  m_Father: {fileID: 7854364564188151246}
  m_RootOrder: 0
  m_LocalEulerAnglesHint: {x: 0, y: 0, z: 0}
--- !u!1 &3990581930462268623
GameObject:
  m_ObjectHideFlags: 0
  m_CorrespondingSourceObject: {fileID: 0}
  m_PrefabInstance: {fileID: 0}
  m_PrefabAsset: {fileID: 0}
  serializedVersion: 6
  m_Component:
  - component: {fileID: 141985018472312196}
  m_Layer: 0
  m_Name: pasted__R_hip
  m_TagString: Untagged
  m_Icon: {fileID: 0}
  m_NavMeshLayer: 0
  m_StaticEditorFlags: 0
  m_IsActive: 1
--- !u!4 &141985018472312196
Transform:
  m_ObjectHideFlags: 0
  m_CorrespondingSourceObject: {fileID: 0}
  m_PrefabInstance: {fileID: 0}
  m_PrefabAsset: {fileID: 0}
  m_GameObject: {fileID: 3990581930462268623}
  m_LocalRotation: {x: -0.03365059, y: 0.9994337, z: -6.119767e-17, w: 2.0605042e-18}
  m_LocalPosition: {x: -0.025262503, y: 0.071926706, z: -0.003943606}
  m_LocalScale: {x: 1, y: 1, z: 1}
  m_Children:
  - {fileID: 537346992866300386}
  m_Father: {fileID: 1799122421860038308}
  m_RootOrder: 1
  m_LocalEulerAnglesHint: {x: 0, y: 0, z: 0}
--- !u!1 &4111588862671627188
GameObject:
  m_ObjectHideFlags: 0
  m_CorrespondingSourceObject: {fileID: 0}
  m_PrefabInstance: {fileID: 0}
  m_PrefabAsset: {fileID: 0}
  serializedVersion: 6
  m_Component:
  - component: {fileID: 4314840561580156025}
  m_Layer: 0
  m_Name: pasted__L_foot
  m_TagString: Untagged
  m_Icon: {fileID: 0}
  m_NavMeshLayer: 0
  m_StaticEditorFlags: 0
  m_IsActive: 1
--- !u!4 &4314840561580156025
Transform:
  m_ObjectHideFlags: 0
  m_CorrespondingSourceObject: {fileID: 0}
  m_PrefabInstance: {fileID: 0}
  m_PrefabAsset: {fileID: 0}
  m_GameObject: {fileID: 4111588862671627188}
  m_LocalRotation: {x: 0.03771885, y: 0.7061001, z: 0.03771885, w: 0.7061001}
  m_LocalPosition: {x: 0.00084341934, y: -0.027138274, z: 0.056124493}
  m_LocalScale: {x: 1, y: 1, z: 1}
  m_Children:
  - {fileID: 7725678306659450613}
  m_Father: {fileID: 4440441957754296664}
  m_RootOrder: 0
  m_LocalEulerAnglesHint: {x: 0, y: 0, z: 0}
--- !u!1 &4370894426296263186
GameObject:
  m_ObjectHideFlags: 0
  m_CorrespondingSourceObject: {fileID: 0}
  m_PrefabInstance: {fileID: 0}
  m_PrefabAsset: {fileID: 0}
  serializedVersion: 6
  m_Component:
  - component: {fileID: 4575968449890037523}
  m_Layer: 0
  m_Name: pasted__R_ankle
  m_TagString: Untagged
  m_Icon: {fileID: 0}
  m_NavMeshLayer: 0
  m_StaticEditorFlags: 0
  m_IsActive: 1
--- !u!4 &4575968449890037523
Transform:
  m_ObjectHideFlags: 0
  m_CorrespondingSourceObject: {fileID: 0}
  m_PrefabInstance: {fileID: 0}
  m_PrefabAsset: {fileID: 0}
  m_GameObject: {fileID: 4370894426296263186}
  m_LocalRotation: {x: 0.7037317, y: 0.71046585, z: 8.6594627e-17, w: -4.12346e-19}
  m_LocalPosition: {x: -0.20415375, y: -0.010510909, z: 0.017241798}
  m_LocalScale: {x: 1, y: 1, z: 1}
  m_Children:
  - {fileID: 468176161803049481}
  m_Father: {fileID: 537346992866300386}
  m_RootOrder: 0
  m_LocalEulerAnglesHint: {x: 0, y: 0, z: 0}
--- !u!1 &4577616965738210647
GameObject:
  m_ObjectHideFlags: 0
  m_CorrespondingSourceObject: {fileID: 0}
  m_PrefabInstance: {fileID: 0}
  m_PrefabAsset: {fileID: 0}
  serializedVersion: 6
  m_Component:
  - component: {fileID: 4511572748233985376}
  m_Layer: 0
  m_Name: pasted__joint3
  m_TagString: Untagged
  m_Icon: {fileID: 0}
  m_NavMeshLayer: 0
  m_StaticEditorFlags: 0
  m_IsActive: 1
--- !u!4 &4511572748233985376
Transform:
  m_ObjectHideFlags: 0
  m_CorrespondingSourceObject: {fileID: 0}
  m_PrefabInstance: {fileID: 0}
  m_PrefabAsset: {fileID: 0}
  m_GameObject: {fileID: 4577616965738210647}
  m_LocalRotation: {x: 0.45286918, y: -0.5430558, z: 0.45286918, w: 0.5430558}
  m_LocalPosition: {x: -0.0011321036, y: -0.14911185, z: -0.0008944128}
  m_LocalScale: {x: 1, y: 1, z: 1}
  m_Children: []
  m_Father: {fileID: 5443947633561369950}
  m_RootOrder: 1
  m_LocalEulerAnglesHint: {x: 0, y: 0, z: 0}
--- !u!1 &4818303799622969069
GameObject:
  m_ObjectHideFlags: 0
  m_CorrespondingSourceObject: {fileID: 0}
  m_PrefabInstance: {fileID: 0}
  m_PrefabAsset: {fileID: 0}
  serializedVersion: 6
  m_Component:
  - component: {fileID: 748359505228289451}
  m_Layer: 0
  m_Name: pasted__L_thumb01
  m_TagString: Untagged
  m_Icon: {fileID: 0}
  m_NavMeshLayer: 0
  m_StaticEditorFlags: 0
  m_IsActive: 1
--- !u!4 &748359505228289451
Transform:
  m_ObjectHideFlags: 0
  m_CorrespondingSourceObject: {fileID: 0}
  m_PrefabInstance: {fileID: 0}
  m_PrefabAsset: {fileID: 0}
  m_GameObject: {fileID: 4818303799622969069}
  m_LocalRotation: {x: 0, y: 0.32200626, z: -0, w: 0.9467376}
  m_LocalPosition: {x: -0.031816367, y: 0.0015323992, z: 0.025582545}
  m_LocalScale: {x: 1, y: 1, z: 1}
  m_Children:
  - {fileID: 4987346419843959077}
  m_Father: {fileID: 6509409881729654213}
  m_RootOrder: 1
  m_LocalEulerAnglesHint: {x: 0, y: 0, z: 0}
--- !u!1 &4844795421906453892
GameObject:
  m_ObjectHideFlags: 0
  m_CorrespondingSourceObject: {fileID: 0}
  m_PrefabInstance: {fileID: 0}
  m_PrefabAsset: {fileID: 0}
  serializedVersion: 6
  m_Component:
  - component: {fileID: 468176161803049481}
  m_Layer: 0
  m_Name: pasted__R_foot
  m_TagString: Untagged
  m_Icon: {fileID: 0}
  m_NavMeshLayer: 0
  m_StaticEditorFlags: 0
  m_IsActive: 1
--- !u!4 &468176161803049481
Transform:
  m_ObjectHideFlags: 0
  m_CorrespondingSourceObject: {fileID: 0}
  m_PrefabInstance: {fileID: 0}
  m_PrefabAsset: {fileID: 0}
  m_GameObject: {fileID: 4844795421906453892}
  m_LocalRotation: {x: 0.03771885, y: 0.7061001, z: 0.03771885, w: 0.7061001}
  m_LocalPosition: {x: -0.00084359996, y: -0.02713836, z: 0.056124594}
  m_LocalScale: {x: 1, y: 1, z: 1}
  m_Children:
  - {fileID: 2141290158116271606}
  m_Father: {fileID: 4575968449890037523}
  m_RootOrder: 0
  m_LocalEulerAnglesHint: {x: 0, y: 0, z: 0}
--- !u!1 &5183773880083919006
GameObject:
  m_ObjectHideFlags: 0
  m_CorrespondingSourceObject: {fileID: 0}
  m_PrefabInstance: {fileID: 0}
  m_PrefabAsset: {fileID: 0}
  serializedVersion: 6
  m_Component:
  - component: {fileID: 1799122421860038308}
  m_Layer: 0
  m_Name: pasted__root
  m_TagString: Untagged
  m_Icon: {fileID: 0}
  m_NavMeshLayer: 0
  m_StaticEditorFlags: 0
  m_IsActive: 1
--- !u!4 &1799122421860038308
Transform:
  m_ObjectHideFlags: 0
  m_CorrespondingSourceObject: {fileID: 0}
  m_PrefabInstance: {fileID: 0}
  m_PrefabAsset: {fileID: 0}
  m_GameObject: {fileID: 5183773880083919006}
  m_LocalRotation: {x: 0, y: -0, z: -0.7071068, w: 0.7071068}
  m_LocalPosition: {x: -0.0023628408, y: -0.1832399, z: -0.039771788}
  m_LocalScale: {x: 1, y: 1, z: 1}
  m_Children:
  - {fileID: 1592023991365281421}
  - {fileID: 141985018472312196}
  - {fileID: 7286976307846210319}
  m_Father: {fileID: 7854149511160908521}
  m_RootOrder: 0
  m_LocalEulerAnglesHint: {x: 0, y: 0, z: 0}
--- !u!1 &5275992811746638216
GameObject:
  m_ObjectHideFlags: 0
  m_CorrespondingSourceObject: {fileID: 0}
  m_PrefabInstance: {fileID: 0}
  m_PrefabAsset: {fileID: 0}
  serializedVersion: 6
  m_Component:
  - component: {fileID: 6685659518832482531}
  m_Layer: 0
  m_Name: pasted__L_thumb03
  m_TagString: Untagged
  m_Icon: {fileID: 0}
  m_NavMeshLayer: 0
  m_StaticEditorFlags: 0
  m_IsActive: 1
--- !u!4 &6685659518832482531
Transform:
  m_ObjectHideFlags: 0
  m_CorrespondingSourceObject: {fileID: 0}
  m_PrefabInstance: {fileID: 0}
  m_PrefabAsset: {fileID: 0}
  m_GameObject: {fileID: 5275992811746638216}
  m_LocalRotation: {x: 0, y: -0.14869599, z: -0, w: 0.98888296}
  m_LocalPosition: {x: -0.01652559, y: 0, z: 1.5265565e-17}
  m_LocalScale: {x: 1, y: 1, z: 1}
  m_Children: []
  m_Father: {fileID: 4987346419843959077}
  m_RootOrder: 0
  m_LocalEulerAnglesHint: {x: 0, y: 0, z: 0}
--- !u!1 &5338978357522880193
GameObject:
  m_ObjectHideFlags: 0
  m_CorrespondingSourceObject: {fileID: 0}
  m_PrefabInstance: {fileID: 0}
  m_PrefabAsset: {fileID: 0}
  serializedVersion: 6
  m_Component:
  - component: {fileID: 8951209560386763764}
  m_Layer: 0
  m_Name: pasted__R_finger01
  m_TagString: Untagged
  m_Icon: {fileID: 0}
  m_NavMeshLayer: 0
  m_StaticEditorFlags: 0
  m_IsActive: 1
--- !u!4 &8951209560386763764
Transform:
  m_ObjectHideFlags: 0
  m_CorrespondingSourceObject: {fileID: 0}
  m_PrefabInstance: {fileID: 0}
  m_PrefabAsset: {fileID: 0}
  m_GameObject: {fileID: 5338978357522880193}
  m_LocalRotation: {x: 0, y: -0.02699747, z: -0, w: 0.9996355}
  m_LocalPosition: {x: 0.048043996, y: 0.0060619996, z: 0.0020305999}
  m_LocalScale: {x: 1, y: 1, z: 1}
  m_Children:
  - {fileID: 1441551738121310270}
  m_Father: {fileID: 5667634796506600771}
  m_RootOrder: 0
  m_LocalEulerAnglesHint: {x: 0, y: 0, z: 0}
--- !u!1 &5400834087918875427
GameObject:
  m_ObjectHideFlags: 0
  m_CorrespondingSourceObject: {fileID: 0}
  m_PrefabInstance: {fileID: 0}
  m_PrefabAsset: {fileID: 0}
  serializedVersion: 6
  m_Component:
  - component: {fileID: 3445409775254823835}
  - component: {fileID: 201986644750989091}
  - component: {fileID: 2013977774944400642}
  - component: {fileID: 2013977774944400643}
  m_Layer: 0
  m_Name: pCube12
  m_TagString: Corona
  m_Icon: {fileID: 0}
  m_NavMeshLayer: 0
  m_StaticEditorFlags: 0
  m_IsActive: 1
--- !u!4 &3445409775254823835
Transform:
  m_ObjectHideFlags: 0
  m_CorrespondingSourceObject: {fileID: 0}
  m_PrefabInstance: {fileID: 0}
  m_PrefabAsset: {fileID: 0}
  m_GameObject: {fileID: 5400834087918875427}
  m_LocalRotation: {x: 0, y: -0, z: -0, w: 1}
  m_LocalPosition: {x: -0, y: 0, z: 0}
  m_LocalScale: {x: 1, y: 1, z: 1}
  m_Children: []
  m_Father: {fileID: 2051863934392906362}
  m_RootOrder: 1
  m_LocalEulerAnglesHint: {x: 0, y: 0, z: 0}
--- !u!137 &201986644750989091
SkinnedMeshRenderer:
  m_ObjectHideFlags: 0
  m_CorrespondingSourceObject: {fileID: 0}
  m_PrefabInstance: {fileID: 0}
  m_PrefabAsset: {fileID: 0}
  m_GameObject: {fileID: 5400834087918875427}
  m_Enabled: 1
  m_CastShadows: 1
  m_ReceiveShadows: 1
  m_DynamicOccludee: 1
  m_MotionVectors: 1
  m_LightProbeUsage: 1
  m_ReflectionProbeUsage: 1
  m_RayTracingMode: 0
  m_RayTraceProcedural: 0
  m_RenderingLayerMask: 1
  m_RendererPriority: 0
  m_Materials:
  - {fileID: 89535139321396633, guid: 98ec2eb8b9cbf8540860e0d18eda237b, type: 3}
  m_StaticBatchInfo:
    firstSubMesh: 0
    subMeshCount: 0
  m_StaticBatchRoot: {fileID: 0}
  m_ProbeAnchor: {fileID: 0}
  m_LightProbeVolumeOverride: {fileID: 0}
  m_ScaleInLightmap: 1
  m_ReceiveGI: 1
  m_PreserveUVs: 0
  m_IgnoreNormalsForChartDetection: 0
  m_ImportantGI: 0
  m_StitchLightmapSeams: 1
  m_SelectedEditorRenderState: 3
  m_MinimumChartSize: 4
  m_AutoUVMaxDistance: 0.5
  m_AutoUVMaxAngle: 89
  m_LightmapParameters: {fileID: 0}
  m_SortingLayerID: 0
  m_SortingLayer: 0
  m_SortingOrder: 0
  serializedVersion: 2
  m_Quality: 0
  m_UpdateWhenOffscreen: 0
  m_SkinnedMotionVectors: 1
  m_Mesh: {fileID: -7434549690534084444, guid: 98ec2eb8b9cbf8540860e0d18eda237b, type: 3}
  m_Bones:
  - {fileID: 1799122421860038308}
  - {fileID: 7286976307846210319}
  - {fileID: 4571624820481470249}
  - {fileID: 4292180294019288684}
  - {fileID: 5443947633561369950}
  - {fileID: 2435630458291966977}
  - {fileID: 4511572748233985376}
  - {fileID: 828557712382638771}
  - {fileID: 8180840418078678188}
  - {fileID: 7854364564188151246}
  - {fileID: 6844312617879516478}
  - {fileID: 6509409881729654213}
  - {fileID: 2481658946137114152}
  - {fileID: 3609748578876577473}
  - {fileID: 3084178024593393164}
  - {fileID: 748359505228289451}
  - {fileID: 4987346419843959077}
  - {fileID: 6685659518832482531}
  - {fileID: 3713206723393122464}
  - {fileID: 6715311397936480870}
  - {fileID: 3255844568989742683}
  - {fileID: 7682860841414292235}
  - {fileID: 5667634796506600771}
  - {fileID: 8951209560386763764}
  - {fileID: 1441551738121310270}
  - {fileID: 8689378435005208974}
  - {fileID: 7805054174299908015}
  - {fileID: 7245530599921151771}
  - {fileID: 7780023938865957870}
  - {fileID: 1592023991365281421}
  - {fileID: 3604946603665111936}
  - {fileID: 4440441957754296664}
  - {fileID: 4314840561580156025}
  - {fileID: 141985018472312196}
  - {fileID: 537346992866300386}
  - {fileID: 4575968449890037523}
  - {fileID: 468176161803049481}
  m_BlendShapeWeights: []
  m_RootBone: {fileID: 1799122421860038308}
  m_AABB:
    m_Center: {x: -0.3594095, y: -0.000086173415, z: -0.0572986}
    m_Extent: {x: 0.7655744, y: 0.4552408, z: 0.3988467}
  m_DirtyAABB: 0
--- !u!136 &2013977774944400642
CapsuleCollider:
  m_ObjectHideFlags: 0
  m_CorrespondingSourceObject: {fileID: 0}
  m_PrefabInstance: {fileID: 0}
  m_PrefabAsset: {fileID: 0}
  m_GameObject: {fileID: 5400834087918875427}
  m_Material: {fileID: 0}
  m_IsTrigger: 0
  m_Enabled: 0
  m_Radius: 0.455241
  m_Height: 1.5311494
  m_Direction: 1
  m_Center: {x: -0.0008251127, y: 0.75248104, z: -0.015487719}
--- !u!114 &2013977774944400643
MonoBehaviour:
  m_ObjectHideFlags: 0
  m_CorrespondingSourceObject: {fileID: 0}
  m_PrefabInstance: {fileID: 0}
  m_PrefabAsset: {fileID: 0}
  m_GameObject: {fileID: 5400834087918875427}
  m_Enabled: 0
  m_EditorHideFlags: 0
  m_Script: {fileID: 11500000, guid: 6bb2bcf22fe23f54f8f30995367d001f, type: 3}
  m_Name: 
  m_EditorClassIdentifier: 
  coronazone: 0
  matBlue: {fileID: 2100000, guid: 0b22ecf80bb521f40ba1cee8193f42cd, type: 2}
  matRed: {fileID: 2100000, guid: 00adc1bfbfc9e0e4ba98a4f5e43cdafa, type: 2}
  matDefault: {fileID: 2100000, guid: 99efd86b02b816847a930a39b108dfdc, type: 2}
  DeathSmoke: {fileID: 0}
  health: 10
--- !u!1 &5645436485680031258
GameObject:
  m_ObjectHideFlags: 0
  m_CorrespondingSourceObject: {fileID: 0}
  m_PrefabInstance: {fileID: 0}
  m_PrefabAsset: {fileID: 0}
  serializedVersion: 6
  m_Component:
  - component: {fileID: 4571624820481470249}
  m_Layer: 0
  m_Name: pasted__spine02
  m_TagString: Untagged
  m_Icon: {fileID: 0}
  m_NavMeshLayer: 0
  m_StaticEditorFlags: 0
  m_IsActive: 1
--- !u!4 &4571624820481470249
Transform:
  m_ObjectHideFlags: 0
  m_CorrespondingSourceObject: {fileID: 0}
  m_PrefabInstance: {fileID: 0}
  m_PrefabAsset: {fileID: 0}
  m_GameObject: {fileID: 5645436485680031258}
  m_LocalRotation: {x: 0, y: -0, z: -0, w: 1}
  m_LocalPosition: {x: -0.13270362, y: 2.929265e-17, z: -0.008978185}
  m_LocalScale: {x: 1, y: 1, z: 1}
  m_Children:
  - {fileID: 828557712382638771}
  - {fileID: 3713206723393122464}
  - {fileID: 4292180294019288684}
  m_Father: {fileID: 7286976307846210319}
  m_RootOrder: 0
  m_LocalEulerAnglesHint: {x: 0, y: 0, z: 0}
--- !u!1 &5784259439794539777
GameObject:
  m_ObjectHideFlags: 0
  m_CorrespondingSourceObject: {fileID: 0}
  m_PrefabInstance: {fileID: 0}
  m_PrefabAsset: {fileID: 0}
  serializedVersion: 6
  m_Component:
  - component: {fileID: 6715311397936480870}
  m_Layer: 0
  m_Name: pasted__R_Shoulder
  m_TagString: Untagged
  m_Icon: {fileID: 0}
  m_NavMeshLayer: 0
  m_StaticEditorFlags: 0
  m_IsActive: 1
--- !u!4 &6715311397936480870
Transform:
  m_ObjectHideFlags: 0
  m_CorrespondingSourceObject: {fileID: 0}
  m_PrefabInstance: {fileID: 0}
  m_PrefabAsset: {fileID: 0}
  m_GameObject: {fileID: 5784259439794539777}
  m_LocalRotation: {x: 0, y: 0, z: 0.08419866, w: 0.996449}
  m_LocalPosition: {x: 0.062467948, y: 0.018442, z: -0.0018917999}
  m_LocalScale: {x: 1, y: 1, z: 1}
  m_Children:
  - {fileID: 3255844568989742683}
  m_Father: {fileID: 3713206723393122464}
  m_RootOrder: 0
  m_LocalEulerAnglesHint: {x: 0, y: 0, z: 0}
--- !u!1 &5815492211903136202
GameObject:
  m_ObjectHideFlags: 0
  m_CorrespondingSourceObject: {fileID: 0}
  m_PrefabInstance: {fileID: 0}
  m_PrefabAsset: {fileID: 0}
  serializedVersion: 6
  m_Component:
  - component: {fileID: 7854364564188151246}
  m_Layer: 0
  m_Name: pasted__L_Elbow
  m_TagString: Untagged
  m_Icon: {fileID: 0}
  m_NavMeshLayer: 0
  m_StaticEditorFlags: 0
  m_IsActive: 1
--- !u!4 &7854364564188151246
Transform:
  m_ObjectHideFlags: 0
  m_CorrespondingSourceObject: {fileID: 0}
  m_PrefabInstance: {fileID: 0}
  m_PrefabAsset: {fileID: 0}
  m_GameObject: {fileID: 5815492211903136202}
  m_LocalRotation: {x: 0, y: -0, z: -0.11036471, w: 0.9938912}
  m_LocalPosition: {x: -0.10454594, y: 0.01688811, z: -0.010983247}
  m_LocalScale: {x: 1, y: 1, z: 1}
  m_Children:
  - {fileID: 6844312617879516478}
  m_Father: {fileID: 8180840418078678188}
  m_RootOrder: 0
  m_LocalEulerAnglesHint: {x: 0, y: 0, z: 0}
--- !u!1 &5877210082263135304
GameObject:
  m_ObjectHideFlags: 0
  m_CorrespondingSourceObject: {fileID: 0}
  m_PrefabInstance: {fileID: 0}
  m_PrefabAsset: {fileID: 0}
  serializedVersion: 6
  m_Component:
  - component: {fileID: 1441551738121310270}
  m_Layer: 0
  m_Name: pasted__R_finger02
  m_TagString: Untagged
  m_Icon: {fileID: 0}
  m_NavMeshLayer: 0
  m_StaticEditorFlags: 0
  m_IsActive: 1
--- !u!4 &1441551738121310270
Transform:
  m_ObjectHideFlags: 0
  m_CorrespondingSourceObject: {fileID: 0}
  m_PrefabInstance: {fileID: 0}
  m_PrefabAsset: {fileID: 0}
  m_GameObject: {fileID: 5877210082263135304}
  m_LocalRotation: {x: 0, y: 0.02699747, z: -0, w: 0.9996355}
  m_LocalPosition: {x: 0.025155447, y: 0, z: -0.0027275477}
  m_LocalScale: {x: 1, y: 1, z: 1}
  m_Children:
  - {fileID: 8689378435005208974}
  m_Father: {fileID: 8951209560386763764}
  m_RootOrder: 0
  m_LocalEulerAnglesHint: {x: 0, y: 0, z: 0}
--- !u!1 &5950481680284729253
GameObject:
  m_ObjectHideFlags: 0
  m_CorrespondingSourceObject: {fileID: 0}
  m_PrefabInstance: {fileID: 0}
  m_PrefabAsset: {fileID: 0}
  serializedVersion: 6
  m_Component:
  - component: {fileID: 537346992866300386}
  m_Layer: 0
  m_Name: pasted__R_knee
  m_TagString: Untagged
  m_Icon: {fileID: 0}
  m_NavMeshLayer: 0
  m_StaticEditorFlags: 0
  m_IsActive: 1
--- !u!4 &537346992866300386
Transform:
  m_ObjectHideFlags: 0
  m_CorrespondingSourceObject: {fileID: 0}
  m_PrefabInstance: {fileID: 0}
  m_PrefabAsset: {fileID: 0}
  m_GameObject: {fileID: 5950481680284729253}
  m_LocalRotation: {x: 0, y: 0, z: 0.028891155, w: 0.9995826}
  m_LocalPosition: {x: -0.1731268, y: -0.023449343, z: -0.02069}
  m_LocalScale: {x: 1, y: 1, z: 1}
  m_Children:
  - {fileID: 4575968449890037523}
  m_Father: {fileID: 141985018472312196}
  m_RootOrder: 0
  m_LocalEulerAnglesHint: {x: 0, y: 0, z: 0}
--- !u!1 &6229486638268360828
GameObject:
  m_ObjectHideFlags: 0
  m_CorrespondingSourceObject: {fileID: 0}
  m_PrefabInstance: {fileID: 0}
  m_PrefabAsset: {fileID: 0}
  serializedVersion: 6
  m_Component:
  - component: {fileID: 3609748578876577473}
  m_Layer: 0
  m_Name: pasted__L_finger02
  m_TagString: Untagged
  m_Icon: {fileID: 0}
  m_NavMeshLayer: 0
  m_StaticEditorFlags: 0
  m_IsActive: 1
--- !u!4 &3609748578876577473
Transform:
  m_ObjectHideFlags: 0
  m_CorrespondingSourceObject: {fileID: 0}
  m_PrefabInstance: {fileID: 0}
  m_PrefabAsset: {fileID: 0}
  m_GameObject: {fileID: 6229486638268360828}
  m_LocalRotation: {x: 0, y: 0.02699747, z: -0, w: 0.9996355}
  m_LocalPosition: {x: -0.025302676, y: 0, z: 3.989864e-18}
  m_LocalScale: {x: 1, y: 1, z: 1}
  m_Children:
  - {fileID: 3084178024593393164}
  m_Father: {fileID: 2481658946137114152}
  m_RootOrder: 0
  m_LocalEulerAnglesHint: {x: 0, y: 0, z: 0}
--- !u!1 &6608039277364449139
GameObject:
  m_ObjectHideFlags: 0
  m_CorrespondingSourceObject: {fileID: 0}
  m_PrefabInstance: {fileID: 0}
  m_PrefabAsset: {fileID: 0}
  serializedVersion: 6
  m_Component:
  - component: {fileID: 6509409881729654213}
  m_Layer: 0
  m_Name: pasted__L_wrist
  m_TagString: Untagged
  m_Icon: {fileID: 0}
  m_NavMeshLayer: 0
  m_StaticEditorFlags: 0
  m_IsActive: 1
--- !u!4 &6509409881729654213
Transform:
  m_ObjectHideFlags: 0
  m_CorrespondingSourceObject: {fileID: 0}
  m_PrefabInstance: {fileID: 0}
  m_PrefabAsset: {fileID: 0}
  m_GameObject: {fileID: 6608039277364449139}
  m_LocalRotation: {x: 0, y: 0, z: 0.026288502, w: 0.9996544}
  m_LocalPosition: {x: -0.07456716, y: 0.00036376642, z: 0.0046481714}
  m_LocalScale: {x: 1, y: 1, z: 1}
  m_Children:
  - {fileID: 2481658946137114152}
  - {fileID: 748359505228289451}
  m_Father: {fileID: 6844312617879516478}
  m_RootOrder: 0
  m_LocalEulerAnglesHint: {x: 0, y: 0, z: 0}
--- !u!1 &6761781779002119771
GameObject:
  m_ObjectHideFlags: 0
  m_CorrespondingSourceObject: {fileID: 0}
  m_PrefabInstance: {fileID: 0}
  m_PrefabAsset: {fileID: 0}
  serializedVersion: 6
  m_Component:
  - component: {fileID: 4292180294019288684}
  m_Layer: 0
  m_Name: pasted__spine03
  m_TagString: Untagged
  m_Icon: {fileID: 0}
  m_NavMeshLayer: 0
  m_StaticEditorFlags: 0
  m_IsActive: 1
--- !u!4 &4292180294019288684
Transform:
  m_ObjectHideFlags: 0
  m_CorrespondingSourceObject: {fileID: 0}
  m_PrefabInstance: {fileID: 0}
  m_PrefabAsset: {fileID: 0}
  m_GameObject: {fileID: 6761781779002119771}
  m_LocalRotation: {x: 0, y: 0, z: 0.7071068, w: 0.7071068}
  m_LocalPosition: {x: -0.10281915, y: 2.300391e-17, z: -0.011878946}
  m_LocalScale: {x: 1, y: 1, z: 1}
  m_Children:
  - {fileID: 5443947633561369950}
  m_Father: {fileID: 4571624820481470249}
  m_RootOrder: 2
  m_LocalEulerAnglesHint: {x: 0, y: 0, z: 0}
--- !u!1 &6770803929623772739
GameObject:
  m_ObjectHideFlags: 0
  m_CorrespondingSourceObject: {fileID: 0}
  m_PrefabInstance: {fileID: 0}
  m_PrefabAsset: {fileID: 0}
  serializedVersion: 6
  m_Component:
  - component: {fileID: 3255844568989742683}
  m_Layer: 0
  m_Name: pasted__R_Elbow
  m_TagString: Untagged
  m_Icon: {fileID: 0}
  m_NavMeshLayer: 0
  m_StaticEditorFlags: 0
  m_IsActive: 1
--- !u!4 &3255844568989742683
Transform:
  m_ObjectHideFlags: 0
  m_CorrespondingSourceObject: {fileID: 0}
  m_PrefabInstance: {fileID: 0}
  m_PrefabAsset: {fileID: 0}
  m_GameObject: {fileID: 6770803929623772739}
  m_LocalRotation: {x: 0, y: -0, z: -0.11036471, w: 0.9938912}
  m_LocalPosition: {x: 0.10189181, y: -0.018250143, z: -0.010983339}
  m_LocalScale: {x: 1, y: 1, z: 1}
  m_Children:
  - {fileID: 7682860841414292235}
  m_Father: {fileID: 6715311397936480870}
  m_RootOrder: 0
  m_LocalEulerAnglesHint: {x: 0, y: 0, z: 0}
--- !u!1 &6867509828677660452
GameObject:
  m_ObjectHideFlags: 0
  m_CorrespondingSourceObject: {fileID: 0}
  m_PrefabInstance: {fileID: 0}
  m_PrefabAsset: {fileID: 0}
  serializedVersion: 6
  m_Component:
  - component: {fileID: 8689378435005208974}
  m_Layer: 0
  m_Name: pasted__R_finger03
  m_TagString: Untagged
  m_Icon: {fileID: 0}
  m_NavMeshLayer: 0
  m_StaticEditorFlags: 0
  m_IsActive: 1
--- !u!4 &8689378435005208974
Transform:
  m_ObjectHideFlags: 0
  m_CorrespondingSourceObject: {fileID: 0}
  m_PrefabInstance: {fileID: 0}
  m_PrefabAsset: {fileID: 0}
  m_GameObject: {fileID: 6867509828677660452}
  m_LocalRotation: {x: 0, y: -0, z: -0, w: 1}
  m_LocalPosition: {x: 0.025957998, y: 0, z: -5.5511148e-18}
  m_LocalScale: {x: 1, y: 1, z: 1}
  m_Children: []
  m_Father: {fileID: 1441551738121310270}
  m_RootOrder: 0
  m_LocalEulerAnglesHint: {x: 0, y: 0, z: 0}
--- !u!1 &6881473486677558298
GameObject:
  m_ObjectHideFlags: 0
  m_CorrespondingSourceObject: {fileID: 0}
  m_PrefabInstance: {fileID: 0}
  m_PrefabAsset: {fileID: 0}
  serializedVersion: 6
  m_Component:
  - component: {fileID: 7682860841414292235}
  m_Layer: 0
  m_Name: pasted__R_forearm
  m_TagString: Untagged
  m_Icon: {fileID: 0}
  m_NavMeshLayer: 0
  m_StaticEditorFlags: 0
  m_IsActive: 1
--- !u!4 &7682860841414292235
Transform:
  m_ObjectHideFlags: 0
  m_CorrespondingSourceObject: {fileID: 0}
  m_PrefabInstance: {fileID: 0}
  m_PrefabAsset: {fileID: 0}
  m_GameObject: {fileID: 6881473486677558298}
  m_LocalRotation: {x: 0, y: -0, z: -0, w: 1}
  m_LocalPosition: {x: 0.059096284, y: 0.0071879667, z: 0.00441876}
  m_LocalScale: {x: 1, y: 1, z: 1}
  m_Children:
  - {fileID: 5667634796506600771}
  m_Father: {fileID: 3255844568989742683}
  m_RootOrder: 0
  m_LocalEulerAnglesHint: {x: 0, y: 0, z: 0}
--- !u!1 &7518901379002883865
GameObject:
  m_ObjectHideFlags: 0
  m_CorrespondingSourceObject: {fileID: 0}
  m_PrefabInstance: {fileID: 0}
  m_PrefabAsset: {fileID: 0}
  serializedVersion: 6
  m_Component:
  - component: {fileID: 3713206723393122464}
  m_Layer: 0
  m_Name: pasted__R_clavicle
  m_TagString: Untagged
  m_Icon: {fileID: 0}
  m_NavMeshLayer: 0
  m_StaticEditorFlags: 0
  m_IsActive: 1
--- !u!4 &3713206723393122464
Transform:
  m_ObjectHideFlags: 0
  m_CorrespondingSourceObject: {fileID: 0}
  m_PrefabInstance: {fileID: 0}
  m_PrefabAsset: {fileID: 0}
  m_GameObject: {fileID: 7518901379002883865}
  m_LocalRotation: {x: 0, y: 0, z: 0.7071068, w: 0.7071068}
  m_LocalPosition: {x: -0.014239859, y: 0.04129311, z: -0.015755406}
  m_LocalScale: {x: 1, y: 1, z: 1}
  m_Children:
  - {fileID: 6715311397936480870}
  m_Father: {fileID: 4571624820481470249}
  m_RootOrder: 1
  m_LocalEulerAnglesHint: {x: 0, y: 0, z: 0}
--- !u!1 &8590270362614679859
GameObject:
  m_ObjectHideFlags: 0
  m_CorrespondingSourceObject: {fileID: 0}
  m_PrefabInstance: {fileID: 0}
  m_PrefabAsset: {fileID: 0}
  serializedVersion: 6
  m_Component:
  - component: {fileID: 5667634796506600771}
  m_Layer: 0
  m_Name: pasted__R_wrist
  m_TagString: Untagged
  m_Icon: {fileID: 0}
  m_NavMeshLayer: 0
  m_StaticEditorFlags: 0
  m_IsActive: 1
--- !u!4 &5667634796506600771
Transform:
  m_ObjectHideFlags: 0
  m_CorrespondingSourceObject: {fileID: 0}
  m_PrefabInstance: {fileID: 0}
  m_PrefabAsset: {fileID: 0}
  m_GameObject: {fileID: 8590270362614679859}
  m_LocalRotation: {x: 0, y: 0, z: 0.026288502, w: 0.9996544}
  m_LocalPosition: {x: 0.07411804, y: 0.008188876, z: 0.0046481797}
  m_LocalScale: {x: 1, y: 1, z: 1}
  m_Children:
  - {fileID: 8951209560386763764}
  - {fileID: 7805054174299908015}
  m_Father: {fileID: 7682860841414292235}
  m_RootOrder: 0
  m_LocalEulerAnglesHint: {x: 0, y: 0, z: 0}
--- !u!1 &8671688766526603464
GameObject:
  m_ObjectHideFlags: 0
  m_CorrespondingSourceObject: {fileID: 0}
  m_PrefabInstance: {fileID: 0}
  m_PrefabAsset: {fileID: 0}
  serializedVersion: 6
  m_Component:
  - component: {fileID: 2481658946137114152}
  m_Layer: 0
  m_Name: pasted__L_finger01
  m_TagString: Untagged
  m_Icon: {fileID: 0}
  m_NavMeshLayer: 0
  m_StaticEditorFlags: 0
  m_IsActive: 1
--- !u!4 &2481658946137114152
Transform:
  m_ObjectHideFlags: 0
  m_CorrespondingSourceObject: {fileID: 0}
  m_PrefabInstance: {fileID: 0}
  m_PrefabAsset: {fileID: 0}
  m_GameObject: {fileID: 8671688766526603464}
  m_LocalRotation: {x: 0, y: -0.02699747, z: -0, w: 0.9996355}
  m_LocalPosition: {x: -0.048045456, y: 0.006061374, z: 0.0020305994}
  m_LocalScale: {x: 1, y: 1, z: 1}
  m_Children:
  - {fileID: 3609748578876577473}
  m_Father: {fileID: 6509409881729654213}
  m_RootOrder: 0
  m_LocalEulerAnglesHint: {x: 0, y: 0, z: 0}
--- !u!1 &8674923115796602476
GameObject:
  m_ObjectHideFlags: 0
  m_CorrespondingSourceObject: {fileID: 0}
  m_PrefabInstance: {fileID: 0}
  m_PrefabAsset: {fileID: 0}
  serializedVersion: 6
  m_Component:
  - component: {fileID: 8180840418078678188}
  m_Layer: 0
  m_Name: pasted__L_Shoulder
  m_TagString: Untagged
  m_Icon: {fileID: 0}
  m_NavMeshLayer: 0
  m_StaticEditorFlags: 0
  m_IsActive: 1
--- !u!4 &8180840418078678188
Transform:
  m_ObjectHideFlags: 0
  m_CorrespondingSourceObject: {fileID: 0}
  m_PrefabInstance: {fileID: 0}
  m_PrefabAsset: {fileID: 0}
  m_GameObject: {fileID: 8674923115796602476}
  m_LocalRotation: {x: 0, y: 0, z: 0.08419866, w: 0.996449}
  m_LocalPosition: {x: -0.05535402, y: 0.018440258, z: -0.0018919063}
  m_LocalScale: {x: 1, y: 1, z: 1}
  m_Children:
  - {fileID: 7854364564188151246}
  m_Father: {fileID: 828557712382638771}
  m_RootOrder: 0
  m_LocalEulerAnglesHint: {x: 0, y: 0, z: 0}
--- !u!1 &8729091219967632606
GameObject:
  m_ObjectHideFlags: 0
  m_CorrespondingSourceObject: {fileID: 0}
  m_PrefabInstance: {fileID: 0}
  m_PrefabAsset: {fileID: 0}
  serializedVersion: 6
  m_Component:
  - component: {fileID: 828557712382638771}
  m_Layer: 0
  m_Name: pasted__L_clavicle
  m_TagString: Untagged
  m_Icon: {fileID: 0}
  m_NavMeshLayer: 0
  m_StaticEditorFlags: 0
  m_IsActive: 1
--- !u!4 &828557712382638771
Transform:
  m_ObjectHideFlags: 0
  m_CorrespondingSourceObject: {fileID: 0}
  m_PrefabInstance: {fileID: 0}
  m_PrefabAsset: {fileID: 0}
  m_GameObject: {fileID: 8729091219967632606}
  m_LocalRotation: {x: 0, y: 0, z: 0.7071068, w: 0.7071068}
  m_LocalPosition: {x: -0.014240788, y: -0.041293196, z: -0.015755383}
  m_LocalScale: {x: 1, y: 1, z: 1}
  m_Children:
  - {fileID: 8180840418078678188}
  m_Father: {fileID: 4571624820481470249}
  m_RootOrder: 0
  m_LocalEulerAnglesHint: {x: 0, y: 0, z: 0}
--- !u!1 &9145162716741968897
GameObject:
  m_ObjectHideFlags: 0
  m_CorrespondingSourceObject: {fileID: 0}
  m_PrefabInstance: {fileID: 0}
  m_PrefabAsset: {fileID: 0}
  serializedVersion: 6
  m_Component:
  - component: {fileID: 7286976307846210319}
  m_Layer: 0
  m_Name: pasted__spine01
  m_TagString: Untagged
  m_Icon: {fileID: 0}
  m_NavMeshLayer: 0
  m_StaticEditorFlags: 0
  m_IsActive: 1
--- !u!4 &7286976307846210319
Transform:
  m_ObjectHideFlags: 0
  m_CorrespondingSourceObject: {fileID: 0}
  m_PrefabInstance: {fileID: 0}
  m_PrefabAsset: {fileID: 0}
  m_GameObject: {fileID: 9145162716741968897}
  m_LocalRotation: {x: 0, y: -0, z: -0, w: 1}
  m_LocalPosition: {x: -0.13359901, y: 2.9751675e-17, z: 0.008978185}
  m_LocalScale: {x: 1, y: 1, z: 1}
  m_Children:
  - {fileID: 4571624820481470249}
  m_Father: {fileID: 1799122421860038308}
  m_RootOrder: 2
  m_LocalEulerAnglesHint: {x: 0, y: 0, z: 0}
